<?xml version="1.0" encoding="UTF-8"?><collection xmlns="http://www.loc.gov/MARC21/slim"><record><leader>00437nam--2200145-i-4500</leader><controlfield tag="001">000019627</controlfield><controlfield tag="002">20161230</controlfield><controlfield tag="005">20161230201033</controlfield><controlfield tag="008">060222s1000------------r-----000-0-eng-d</controlfield><datafield ind1=" " ind2=" " tag="080"><subfield code="a">517.956-3</subfield></datafield><datafield ind1=" " ind2=" " tag="100"><subfield code="a">Dodescu, Gh., Racoveanu, N., Mincu, I</subfield></datafield><datafield ind1=" " ind2=" " tag="245"><subfield code="a">Metode numerice pentru ecuatii cu derivate partiale de tip parabolic</subfield></datafield><datafield ind1=" " ind2=" " tag="260"><subfield code="a">Bucuresti, Editura Tehnica, 1977. 270 P</subfield></datafield><datafield ind1=" " ind2=" " tag="852"><subfield code="a">43248</subfield><subfield code="c">517.9</subfield></datafield><datafield ind1=" " ind2=" " tag="CAT"><subfield code="a">Sys</subfield><subfield code="c">20081022</subfield><subfield code="h">094739</subfield></datafield></record></collection>